<record><leader>00000cas a22000007a 4500</leader><controlfield tag="001">1755424</controlfield><controlfield tag="008">751101d18721878mnuwr ne      0    0eng d</controlfield><datafield ind1=" " ind2=" " tag="010"><subfield code="a">sn 85025504 </subfield></datafield><datafield ind1=" " ind2=" " tag="040"><subfield code="a">MUL</subfield><subfield code="b">eng</subfield><subfield code="c">MUL</subfield><subfield code="d">NPX</subfield><subfield code="d">NPU</subfield><subfield code="d">MN#</subfield><subfield code="d">NYS</subfield><subfield code="d">OCLCQ</subfield></datafield><datafield ind1=" " ind2=" " tag="042"><subfield code="a">msc</subfield></datafield><datafield ind1=" " ind2=" " tag="043"><subfield code="a">n-us-mn</subfield></datafield><datafield ind1=" " ind2=" " tag="052"><subfield code="a">4144</subfield><subfield code="b">L175</subfield></datafield><datafield ind1=" " ind2=" " tag="052"><subfield code="a">4143</subfield><subfield code="b">L2</subfield></datafield><datafield ind1="0" ind2=" " tag="130"><subfield code="a">Lac qui Parle County press (Lac qui Parle, Minn. : 1872)</subfield></datafield><datafield ind1="1" ind2="0" tag="245"><subfield code="a">Lac qui Parle County press.</subfield></datafield><datafield ind1="1" ind2="7" tag="246"><subfield code="a">Lac qui Parle press</subfield></datafield><datafield ind1=" " ind2=" " tag="260"><subfield code="a">Lac qui Parle, Minn. :</subfield><subfield code="b">Coghlan &amp; Tibbetts</subfield></datafield><datafield ind1=" " ind2=" " tag="300"><subfield code="a">v.</subfield></datafield><datafield ind1=" " ind2=" " tag="310"><subfield code="a">Weekly</subfield></datafield><datafield ind1="1" ind2=" " tag="362"><subfield code="a">Began with Dec. 20, 1872 issue; ceased in 1878.</subfield><subfield code="z">Cf. Gregory, W. Amer. newspapers.</subfield></datafield><datafield ind1=" " ind2=" " tag="515"><subfield code="a">Publication suspended with Aug. 29, 1877, issue; resumed with June 14, 1878, issue.</subfield></datafield><datafield ind1=" " ind2=" " tag="530"><subfield code="a">Available on microfilm from the Minnesota Historical Society.</subfield></datafield><datafield ind1=" " ind2=" " tag="588"><subfield code="a">Description based on: Vol. 1, no. 3 (Jan. 4, 1873).</subfield></datafield><datafield ind1=" " ind2="0" tag="651"><subfield code="a">Lac qui Parle (Minn.)</subfield><subfield code="v">Newspapers.</subfield></datafield><datafield ind1=" " ind2=" " tag="752"><subfield code="a">United States</subfield><subfield code="b">Minnesota</subfield><subfield code="c">Lac qui Parle</subfield><subfield code="d">Lac qui Parle.</subfield></datafield><datafield ind1="0" ind2="0" tag="780"><subfield code="t">Lac qui Parle press (Lac qui Parle, Minn. : 1872)</subfield><subfield code="w">(DLC)sn 89064039</subfield></datafield><datafield ind1="1" ind2=" " tag="029"><subfield code="a">AU@</subfield><subfield code="b">000020352195</subfield></datafield></record>